@article{hybrid,
author = {Yin, Hong and Yang, Shuqiang and Zhu, Xiaoqian and Jin, Songchang and Wang, Xiang},
year = {2014},
month = {08},
pages = {582042},
title = {Satellite Fault Diagnosis Using Support Vector Machines Based on a Hybrid Voting Mechanism},
volume = {2014},
journal = {TheScientificWorldJournal},
doi = {10.1155/2014/582042}
}

@inproceedings{survey,
author = {SalarKaleji, Fatemeh and Dayyani, Aboulfazl},
year = {2013},
month = {06},
pages = {545-548},
title = {A survey on Fault Detection, Isolation and Recovery (FDIR) module in satellite onboard software},
isbn = {978-1-4673-6395-2},
doi = {10.1109/RAST.2013.6581270}
}

@article{class,
author = {Kumar, Aman and Assistant, Sharma and Sahni, Suruchi},
year = {2011},
month = {05},
pages = {},
title = {A Comparative Study of Classification Algorithms for Spam Email Data Analysis},
volume = {3},
journal = {International Journal on Computer Science and Engineering}
}
